%% This BibTeX bibliography file was created using BibDesk.
%% http://bibdesk.sourceforge.net/


%% Created for Lauro Cesar Araujo at 2015-04-27 19:43:45 -0300 


%% Saved with string encoding Unicode (UTF-8) 

@book{doyle1927sherlock,
  title={The Case-Book of Sherlock Holmes},
  author={Doyle, Sir Arthur Conan},
  volume={1},
  year={1927},
  publisher={John Murray},
  address={London, UK}
}

@ARTICLE{art:RoboCup,
  title = {Humanoid robots in soccer: Robots versus humans in RoboCup 2050},
  author = {Gerndt, Reinhard and Seifert, Daniel and Baltes, Jacky Hansjoerg and Sadeghnejad, Soroush and Behnke, Sven},
  journal = {IEEE Robotics \& Automation Magazine},
  volume = {22},
  number = {3},
  pages = {147--154},
  year = {2015},
  publisher = {IEEE}
}

@book{russell2010artificial,
  title={Artificial intelligence: a modern approach},
  author={Russell, Stuart Jonathan and Norvig, Peter and Canny, John F and Malik, Jitendra M and Edwards, Douglas D},
  volume={3},
  year={2010},
  publisher={Prentice Hall},
  address={Upper Saddle River, NJ, USA}
}

@book{nilsson1998artificial,
  title={Artificial intelligence: a new synthesis},
  author={Nilsson, Nils J},
  year={1998},
  publisher={Elsevier}
}

@book{thrun2005probabilistic,
  title={Probabilistic robotics},
  author={Thrun, Sebastian and Burgard, Wolfram and Fox, Dieter},
  year={2005},
  publisher={MIT press},
  address={Cambridge, MA, USA}
}

@inproceedings{lenser2000sensor,
  title={Sensor resetting localization for poorly modelled mobile robots},
  author={Lenser, Scott and Veloso, Manuela},
  booktitle={Robotics and Automation, 2000. Proceedings. ICRA'00. IEEE International Conference on},
  volume={2},
  pages={1225--1232},
  year={2000},
  organization={IEEE},
  publisher={IEEE Service Center},
  address={Piscataway, NJ, USA}
}

@inproceedings{gohring2006multi,
  title={Multi robot object tracking and self localization using visual percept relations},
  author={Gohring, Daniel and Burkhard, Hans-Dieter},
  booktitle={2006 IEEE/RSJ International Conference on Intelligent Robots and Systems},
  pages={31--36},
  year={2006},
  organization={IEEE}
}

@article{barea2007collaborative,
  title={Collaborative multi-robot Monte Carlo localization in assistant robots},
  author={Barea, Rafael and L{\'o}pez, Elena and Bergasa, Luis M and {\'A}lvarez, Sergio and Oca{\~n}a, Manuel},
  journal={International Transactions on Systems Science and Applications},
  volume={3},
  number={3},
  pages={227--237},
  year={2007}
}

@article{fox2003adapting,
  title={Adapting the sample size in particle filters through KLD-sampling},
  author={Fox, Dieter},
  journal={The international Journal of robotics research},
  volume={22},
  number={12},
  pages={985--1003},
  year={2003},
  publisher={SAGE Publications}
}


@article{gerndt2015humanoid,
  title={Humanoid robots in soccer: Robots versus humans in RoboCup 2050},
  author={Gerndt, Reinhard and Seifert, Daniel and Baltes, Jacky Hansjoerg and Sadeghnejad, Soroush and Behnke, Sven},
  journal={IEEE Robotics \& Automation Magazine},
  volume={22},
  number={3},
  pages={147--154},
  year={2015},
  publisher={IEEE}
}

@inproceedings{perico2016robot,
  title={A Robot Simulator Based on the Cross Architecture for the Development of Cognitive Robotics},
  author={Perico, Danilo H. and Homem, Thiago PD and Almeida, Aislan C and Silva, Isaac J and Vil{\~a}o, Claudio O and Ferreira, Vinicius N and Bianchi, Reinaldo AC},
  booktitle={Robotics Symposium and IV Brazilian Robotics Symposium (LARS/SBR), 2016 XIII Latin American},
  pages={317--322},
  year={2016},
  organization={IEEE},
  publisher={Curran Associates, Inc.},
  address={Red Hook, NY, USA}
}

@inproceedings{hong2009piecewise,
  title={The piecewise Monte Carlo Localization system for a humanoid soccer robot},
  author={Hong, Wei and Tian, Yantao and Zhou, Changjiu},
  booktitle={Automation and Logistics, 2009. ICAL'09. IEEE International Conference on},
  pages={1905--1910},
  year={2009},
  organization={IEEE}
}

@inproceedings{tian2010self,
  title={Self-localization of humanoid robots with fish-eye lens in a soccer field},
  author={Tian, Bo and Ng, Chuen-Leong and Chew, Chee-Meng},
  booktitle={Robotics Automation and Mechatronics (RAM), 2010 IEEE Conference on},
  pages={522--527},
  year={2010},
  organization={IEEE}
}

@inproceedings{dellaert1999monte,
  title={Monte carlo localization for mobile robots},
  author={Dellaert, Frank and Fox, Dieter and Burgard, Wolfram and Thrun, Sebastian},
  booktitle={Robotics and Automation, 1999. Proceedings. 1999 IEEE International Conference on},
  volume={2},
  pages={1322--1328},
  year={1999},
  organization={IEEE},
  address={Piscataway, NJ, USA},
  publisher={IEEE Service Center}
}

@inproceedings{gao2015loop,
  title={Loop closure detection for visual slam systems using deep neural networks},
  author={Gao, Xiang and Zhang, Tao},
  booktitle={Control Conference (CCC), 2015 34th Chinese},
  pages={5851--5856},
  year={2015},
  organization={IEEE}
}

@article{fox1999monte,
  title={Monte carlo localization},
  subtitle={Efficient position estimation for mobile robots},
  author={Fox, Dieter and Burgard, Wolfram and Dellaert, Frank and Thrun, Sebastian},
  journal={AAAI/IAAI},
  volume={1999},
  number={343-349},
  pages={2--2},
  year={1999}
}

@inproceedings{hong2009robust,
  title={Robust Monte Carlo Localization for humanoid soccer robot},
  author={Hong, Wei and Zhou, Changjiu and Tian, Yantao},
  booktitle={Advanced Intelligent Mechatronics, 2009. AIM 2009. IEEE/ASME International Conference on},
  pages={934--939},
  year={2009},
  organization={IEEE},
  publisher={Curran Associates, Inc.},
  address={Red Hook, NY, USA}
}

@inproceedings{ozkucur2008collaborative,
  title={A collaborative multi-robot localization method without robot identification},
  author={{\"O}zkucur, Nezih Ergin and Kurt, Bar{\i}{\c{s}} and Ak{\i}n, H Levent},
  booktitle={Robot Soccer World Cup},
  pages={189--199},
  year={2008},
  organization={Springer},
  publisher={Springer Berlin Heidelberg},
  address={Heidelberg, DL}
}

@article{fox2000probabilistic,
  title={A probabilistic approach to collaborative multi-robot localization},
  author={Fox, Dieter and Burgard, Wolfram and Kruppa, Hannes and Thrun, Sebastian},
  journal={Autonomous robots},
  volume={8},
  number={3},
  pages={325--344},
  year={2000},
  publisher={Kluwer Academic Publishers},
  address={Dordrecht}
}

@article{chang2016exploiting,
  title={Exploiting moving objects: Multi-robot simultaneous localization and tracking},
  author={Chang, Chun-Hua and Wang, Shao-Chen and Wang, Chieh-Chih},
  journal={IEEE Transactions on Automation Science and Engineering},
  volume={13},
  number={2},
  pages={810--827},
  year={2016},
  publisher={IEEE}
}

@inproceedings{franchi2010probabilistic,
  title={Probabilistic mutual localization in multi-agent systems from anonymous position measures},
  author={Franchi, Antonio and Oriolo, Giuseppe and Stegagno, Paolo},
  booktitle={Decision and Control (CDC), 2010 49th IEEE Conference on},
  pages={6534--6540},
  year={2010},
  organization={IEEE},
  publisher={Curran Associates, Inc.},
  address={Red Hook, NY, USA}
}

@inproceedings{franchi2009mutual,
  title={Mutual localization in a multi-robot system with anonymous relative position measures},
  author={Franchi, Antonio and Oriolo, Giuseppe and Stegagno, Paolo},
  booktitle={Intelligent Robots and Systems, 2009. IROS 2009. IEEE/RSJ International Conference on},
  pages={3974--3980},
  year={2009},
  organization={IEEE},
  publisher={Curran Associates, Inc.},
  address={Red Hook, NY, USA}
}

@inproceedings{martinelli2005multi,
  title={Multi-robot localization using relative observations},
  author={Martinelli, Agostino and Pont, Frederic and Siegwart, Roland},
  booktitle={Robotics and Automation, 2005. ICRA 2005. Proceedings of the 2005 IEEE International Conference on},
  pages={2797--2802},
  year={2005},
  organization={IEEE},
  publisher={IEEE Service Center},
  address={Piscataway, NJ, USA}
}

@incollection{fox1999collaborative,
  title={Collaborative multi-robot localization},
  author={Fox, Dieter and Burgard, Wolfram and Kruppa, Hannes and Thrun, Sebastian},
  booktitle={Mustererkennung 1999},
  pages={15--26},
  year={1999},
  publisher={Springer},
  address={Berlin, Heidelberg}
}

@inproceedings{madhavan2002distributed,
  title={Distributed heterogeneous outdoor multi-robot localization},
  author={Madhavan, Raj and Fregene, Kingsley and Parker, Lynne E},
  booktitle={Robotics and Automation, 2002. Proceedings. ICRA'02. IEEE International Conference on},
  volume={1},
  pages={374--381},
  year={2002},
  organization={IEEE},
  publisher={IEEE Service Center},
  address={Piscataway, NJ, USA}
}

@inproceedings{trawny2009cooperative,
  title={Cooperative multi-robot localization under communication constraints},
  author={Trawny, Nikolas and Roumeliotis, Stergios I and Giannakis, Georgios B},
  booktitle={Robotics and Automation, 2009. ICRA'09. IEEE International Conference on},
  pages={4394--4400},
  year={2009},
  organization={IEEE},
  publisher={IEEE Service Center},
  address={Piscataway, NJ, USA}
}

@article{howard2006multi,
  title={Multi-robot simultaneous localization and mapping using particle filters},
  author={Howard, Andrew},
  journal={The International Journal of Robotics Research},
  volume={25},
  number={12},
  pages={1243--1256},
  year={2006},
  publisher={Sage Publications Sage CA: Thousand Oaks, CA}
}

@article{roumeliotis2002distributed,
  title={Distributed multirobot localization},
  author={Roumeliotis, Stergios I and Bekey, George A},
  journal={IEEE Transactions on Robotics and Automation},
  volume={18},
  number={5},
  pages={781--795},
  year={2002},
  publisher={IEEE}
}

@article{wang2007simultaneous,
  title={Simultaneous localization, mapping and moving object tracking},
  author={Wang, Chieh-Chih and Thorpe, Charles and Thrun, Sebastian and Hebert, Martial and Durrant-Whyte, Hugh},
  journal={The International Journal of Robotics Research},
  volume={26},
  number={9},
  pages={889--916},
  year={2007},
  publisher={Sage Publications Sage UK: London, England}
}

@inproceedings{soto2005self,
  title={Self adaptive particle filter},
  author={Soto, Alvaro},
  booktitle={IJCAI, Proceedings of the Nineteenth International Joint Conference on Artificial Intelligence},
  pages={1398--1406},
  year={2005}
}

@article{straka2011particle,
  title={Particle filter with adaptive sample size},
  author={Straka, Ond{\v{r}}ej and {\v{S}}imandl, Miroslav},
  journal={Kybernetika},
  volume={47},
  number={3},
  pages={385--400},
  year={2011},
  publisher={Institute of Information Theory and Automation AS CR}
}

@inproceedings{zhang2009self,
  title={Self-adaptive Monte Carlo localization for mobile robots using range sensors},
  author={Zhang, Lei and Zapata, Ren{\'e} and L{\'e}pinay, Pascal},
  booktitle={Intelligent Robots and Systems, 2009. IROS 2009. IEEE/RSJ International Conference on},
  pages={1541--1546},
  year={2009},
  organization={IEEE},
  publisher={Curran Associates, Inc.},
  address={Red Hook, NY, USA}
}

@inproceedings{douc2005comparison,
  title={Comparison of resampling schemes for particle filtering},
  author={Douc, Randal and Capp{\'e}, Olivier},
  booktitle={Image and Signal Processing and Analysis, 2005. ISPA 2005. Proceedings of the 4th International Symposium on},
  pages={64--69},
  year={2005},
  organization={IEEE},
  publisher={Faculty of Electrical Engineering and Computing, University of Zagreb},
  address={Zagreb, Croatia}
}

@article{li2015resampling,
  title={Resampling methods for particle filtering: classification, implementation, and strategies},
  author={Li, Tiancheng and Bolic, Miodrag and Djuric, Petar M},
  journal={IEEE Signal processing magazine},
  volume={32},
  number={3},
  pages={70--86},
  year={2015},
  publisher={IEEE}
}

@article{bolic2004resampling,
  title={Resampling algorithms for particle filters: A computational complexity perspective},
  author={Boli{\'c}, Miodrag and Djuri{\'c}, Petar M and Hong, Sangjin},
  journal={EURASIP Journal on Applied Signal Processing},
  volume={2004},
  pages={2267--2277},
  year={2004},
  publisher={Hindawi Publishing Corp.}
}

@inproceedings{hol2006resampling,
  title={On resampling algorithms for particle filters},
  author={Hol, Jeroen D and Schon, Thomas B and Gustafsson, Fredrik},
  booktitle={Nonlinear Statistical Signal Processing Workshop, 2006 IEEE},
  pages={79--82},
  year={2006},
  organization={IEEE},
  publisher={Curran Associates, Inc.},
  address={Red Hook, NY, USA}
}

@incollection{liu2001theoretical,
  title={A theoretical framework for sequential importance sampling with resampling},
  author={Liu, Jun S and Chen, Rong and Logvinenko, Tanya},
  booktitle={Sequential Monte Carlo methods in practice},
  pages={225--246},
  year={2001},
  publisher={Springer},
  address={New York}
}

@unpublished{Ramezani2017AUTMan,
  title={AUTMan Humanoid Kid Size Team Description Paper},
  subtitle={RoboCup 2017 Humanoid Robot League, Nagoya, Japan},
  author={Ramezani, Sepehr and Setaieshi, Amirali and Pourmohammadi, Nima and Arvand, Armin and Yarahmadi, Parsa and Fallah, Foruzan and Khorsandi, Shayan and Baltes, Jacky and Sadeghnejad, Sourosh},
  year={2017},
  address={Amirkabir University of Technology, Tehran},
  note={Disponível em: <\url{https://www.robocuphumanoid.org/qualification/2017/ea5f8b6675318838a231c2c930032d9b957fd29b/AUTMan_Humanoid_KidSize_regularanddrop_in_2017_TDP.pdf}>. Acessado em: 6 mar. 2017}
}

@unpublished{Draegert2017Berlin,
  title={Berlin United - FUmanoids Team Description Paper for RoboCup 2017},
  author={Draegert, Jan and Gottlieb, Simon Gene and Pluhatsch, Michael and Schmidt, Arne and Krüger, Till-Julius and Roshandel, Anahid and Mühl, Christopher and Rojas, Raúl},
  year={2017},
  address={Freie Universität Berlin, Berlin},
  note={Disponível em: <\url{https://www.robocuphumanoid.org/qualification/2017/f3d45a44f4b79ff149d458ede393e5a6eb3a9560/Berlin_United_FUmanoids_Humanoid_KidSize_regularanddrop_in_2017_TDP.pdf}>. Acessado em: 6 mar. 2017}
}

@unpublished{Dijk2015Bold,
  title={Bold Hearts Team Description RoboCup 2015 Kid Size},
  author={van Dijk, Sander G. and Noakes, Drew and Barry, Daniel and Ahmed, Masood and Polani, Daniel},
  year={2015},
  address={University of Hertfordshire, Hatfield},
  note={Disponível em: <\url{https://www.robocuphumanoid.org/qualification/2015/98feb7ebd10e74ce1759499e9cc09c9f860e9e35/Bold_Hearts_Humanoid_KidSize_2015_TDP.pdf}>. Acessado em: 6 mar. 2017}
}

@unpublished{Hayashibara2015CIT,
  title={CIT Brains (Kid Size League)},
  author={Hayashibara, Yasuo and Minakata, Hideaki and Irie, Kiyoshi and Hatakeyama, Naoaki and Maekawa, Daiki and Tsukioka, George and Suzuki, Yasufumi and Mashiko, Taiitiro and Ito, Yusuke and Yamamoto, Ryu and Ando, Masayuki and Kato, Yu and Kida, Takanari and Suzuki, Yuhdai and Makisumi, Kazuyoshi and Yun, Nung Duk and Hirama, Shouta and Suzuki, Yukari and Kasebayashi, Chisato and Tanabe, Akira and Kudo, Akira and Seki, Youta and Masuda, Moeno and Hirata, Yuya and Kanno, Yuuki and Suzuki, Tomotaka and Supratman, Joshua and Machi, Kosuke and Miki, Shigechika and Nishizaki, Yoshitaka and Kanemasu, Kenji and Sakamoto, Hajime},
  year={2015},
  address={Chiba Institute of Technology, Chiba},
  note={Disponível em: <\url{https://www.robocuphumanoid.org/qualification/2015/548b9e3d6c18ba854563cc1b314971da53354692/CIT_Brains_Kid_Humanoid_KidSize_2015_TDP.pdf}>. Acessado em: 6 mar. 2017}
}

@unpublished{Juarez2015FALCONBOTS,
  title={FALCONBOTS TEAM},
  subtitle={Team Description Paper for Humanoid KidSize League of Robocup 2015},
  author={Juárez, Julio C. and Sánchez, Alberto A. and Vázquez, Alejandro and García, Norberto and Minero, Vicente},
  year={2015},
  address={Instituto Tecnológico Superior de San Martín Texmelucan, Puebla},
  note={Disponível em: <\url{https://www.robocuphumanoid.org/qualification/2015/aeeb8a31a17fb35ad0694da822bfe5b68b9bad78/Falconbots_Humanoid_KidSize_2015_TDP.pdf}>. Acessado em: 6 mar. 2017}
}

@unpublished{Aly2017Application,
  title={Application from Hamburg Bit-Bots for RoboCup 2017},
  author={Aly, Rami and Bestmann, Marc and Fiedler, Fabian and Fiedler, Niklas and Güldenring, Ronja and Güldenstein, Jasper and Hahn, Christopher and Hansen, Julius and Hartfill, Judith and Hirsch, Nicolas and Hoffmann, Katja and Jobski, Jessica and Kroll, Wiebke and Paetzel, Maike and Poppinga, Martin and Reher, Dennis and Reichardt, Bente and Riebesehl, Robin and Rokita, Nils and Schüttpelz, Laura and Sengpiel, Oliver and Speck, Daniel and Stelter, Sebastian and Wiedemann, Felix and Wrede, Helge},
  year={2017},
  address={Universität Hamburg, Hamburg},
  note={Disponível em: <\url{https://www.robocuphumanoid.org/qualification/2017/0797440c3361087f5f4c382116d4fa693c02060b/Hamburg_Bit_Bots_Humanoid_KidSize_regularanddrop_in_2017_TDP.pdf}>. Acessado em: 6 mar. 2017}
}

@unpublished{Herculano2017ITAndroids,
  title={ITAndroids Humanoid Team Description Paper for RoboCup 2017},
  author={Herculano, Davi and Vacarini, Daniela and Silva, Igor and Cunha, Leonardo and Aguiar, Luis and Maximo, Marcos and Ângelo, Miguel and Pinto, Samuel},
  year={2017},
  address={Instituto Tecnológico de Aeronáutica, São José dos Campos},
  note={Disponível em: <\url{https://www.robocuphumanoid.org/qualification/2017/53f4ef65b44546bcb4711eb446f0caa402d7da16/ITAndroids_Humanoid_KidSize_regularanddrop_in_2017_TDP.pdf}>. Acessado em: 6 mar. 2017}
}

@unpublished{Teimouri2017MRL,
  title={MRL Team Description Paper for Humanoid KidSize League of RoboCup 2017},
  author={Teimouri, Meisam and Salimi, Amir and Farhadi, Ashkan and Fatehi, Alireza and Mahmoudi, Hamed and Sharifi, Hamed and Sefat, Mohammad Hosseini},
  year={2017},
  address={Qazvin Islamic Azad University, Qazvin},
  note={Disponível em: <\url{https://www.robocuphumanoid.org/qualification/2017/5c62316fb2be98fd90af513e68d3493d1f17b1e6/MRL_HSL_Humanoid_KidSize_regularanddrop_in_2017_TDP.pdf}>. Acessado em: 6 mar. 2017}
}

@unpublished{Amos2017The,
  title={The NUbots Team Description Paper 2017},
  author={Amos, Matthew and Biddulph, Alex and Chalup, Stephan and Farrawell, Luke and Fountain, Jake and Ginn, Daniel and Houliston, Trent and King, Robert and Mendes, Alexandre and Turner, Peter and Walker, Josiah},
  year={2017},
  address={The University of Newcastle, Callaghan},
  note={Disponível em: <\url{https://www.robocuphumanoid.org/qualification/2017/c393b713450a2537173e11cbccf2e142815a5923/NUbots_Humanoid_KidSize_regularanddrop_in_2017_TDP.pdf}>. Acessado em: 6 mar. 2017}
}

@unpublished{Allali2017Rhoban,
  title={Rhoban Football Club – Team Description Paper},
  subtitle={Humanoid Kid-Size League, Robocup 2017 Nagoya},
  author={Allali, J. and Fabre, R. and Gimbert, H. and Gondry, L. and Hofer, L. and Ly, O. and N’Guyen, S. and Passault, G. and Pirrone, A. and Rouxel, Q.},
  year={2017},
  address={University of Bordeaux, Talence},
  note={Disponível em: <\url{https://www.robocuphumanoid.org/qualification/2017/22ee18648e39f3f656609d932ab6ccaa70a66929/Rhoban_Fooball_Club_Humanoid_KidSize_regularanddrop_in_2017_TDP.pdf}>. Acessado em: 6 mar. 2017}
}

@unpublished{Yaniv2016Team,
  title={Team RoBIU},
  subtitle={Team Description Paper for Humanoid KidSize League of RoboCup 2016},
  author={Yaniv, Shachor and Asaf, Brezler and Ori, Haluba and Liran, Halak and Hen, Shoob and Assaf, Rabinowitz and Rami, Isachar and Lihen, Sterenfeld and Maor, Pur},
  year={2016},
  address={Bar-Ilan University, Ramat Gan},
  note={Disponível em: <\url{https://www.robocuphumanoid.org/qualification/2016/4229404f7c0a11a3ed8a1bb499694e2230ea685d/RoBIU_Humanoid_KidSize_2016_TDP.pdf}>. Acessado em: 6 mar. 2017}
}

@unpublished{Gao2017SEU,
  title={SEU - UniRobot Team Description Paper},
  author={Gao, Haidan and Liu, Chuan and Wu, Peng and Ying, Shiyu and Zhou, Wei},
  year={2017},
  address={Southeast University, Nanjing},
  note={Disponível em: <\url{https://www.robocuphumanoid.org/qualification/2017/e3c0bf8619a019668f3330f3c4de552995174573/SEU_UniRobot_Humanoid_KidSize_regularanddrop_in_2017_TDP.pdf}>. Acessado em: 6 mar. 2017}
}

@unpublished{Xingjie2016Team,
  title={Team TH - MOS},
  author={Xingjie, Liu and Qian, Wang and Peng, Qian and Xunlei, Shi and Jiakai, Cheng},
  year={2016},
  address={Tsinghua University, Beijing},
  note={Disponível em: <\url{https://www.robocuphumanoid.org/qualification/2016/e6c2a7c671b5de57ede8628b05af4f56950199a9/TH_MOS_Humanoid_KidSize_2016_TDP.pdf}>. Acessado em: 6 mar. 2017}
}

@unpublished{Huan2016ZJUDancer,
  title={ZJUDancer Team Description Paper},
  author={Huan, Yin and Dongdong, Yu and WenXing, Mei and Rong, Xiong},
  year={2016},
  address={Zhejiang University, Hangzhou},
  note={Disponível em: <\url{https://www.robocuphumanoid.org/qualification/2016/10ab3f6f63b8a2264c8690404cfc83ad5988e9ca/ZJUDancer_Humanoid_KidSize_2016_TDP.pdf}>. Acessado em: 6 mar. 2017}
}

@unpublished{Anurag2017AcYut,
  title={AcYut TeenSize Team Description Paper 2017},
  author={Anurag, Anant and Jain, Archit and Nitin, Vikram and Jain, Aadi and Srinivasan, Sarvesh and Roy, Shivam and Bhat, Anuvind and Pandya, Dhaivata and Rout, Bijoy Kumar},
  year={2017},
  address={Birla Institute of Technology and Science, Pilani},
  note={Disponível em: <\url{https://www.robocuphumanoid.org/qualification/2017/7877fd463a6dd631006952c2cdbbf297bbd6f267/AcYut_Humanoid_TeenSize_regularanddrop_in_2017_TDP.pdf}>. Acessado em: 6 mar. 2017}
}

@unpublished{Allgeuer2015NimbRo,
  title={NimbRo TeenSize Team Description 2015},
  author={Allgeuer, Philipp and Missura, Marcell and Behnke, Sven},
  year={2015},
  address={Universität Bonn, Bonn},
  note={Disponível em: <\url{https://www.robocuphumanoid.org/qualification/2015/7c2b44aadd91b0380f1d43997f0660778d13e696/NimbRo_TeenSize_Humanoid_TeenSize_2015_TDP.pdf}>. Acessado em: 6 mar. 2017}
}

@unpublished{Amiri2017Team,
  title={Team Parand Teen Humanoid},
  subtitle={Team Description Paper},
  author={Amiri, Ahmad and Nadiri, Farzad},
  year={2017},
  address={Parand Islamic Azad University, Tehran},
  note={Disponível em: <\url{https://www.robocuphumanoid.org/qualification/2017/1623408e22d5289c1f2ed49f222a362fd87ed021/Team_Parand_Humanoid_TeenSize_regularanddrop_in_2017_TDP.pdf}>. Acessado em: 6 mar. 2017}
}

@unpublished{Tasch2015WF,
  title={WF Wolves \& Taura Bots Teen Size 2015},
  author={Tasch, Christopher and Luceiro, Diego and Maciel, Eduardo Henrique and Berwanger, Fernando and Xia, Minda and Stiddien, Frank and Martins, Leandro Tomé and Rosa, Lucas Wilke Dalla and Krebs, Oliver and Henriques, Renato Ventura Bayan and Gerndt, Reinhard and Guerra, Rodrigo da Silva and Krupop, Stefan and Bolze, Tobias and Lages, Walter Fetter},
  year={2015},
  address={Ostfalia University of Applied Sciences, Wolfenbttel},
  note={Disponível em: <\url{https://www.robocuphumanoid.org/qualification/2015/79ffabbb46e86d693e51313e6114245cb530041b/WF_Wolves_Taura_Bots_Teen_Humanoid_TeenSize_2015_TDP.pdf}>. Acessado em: 6 mar. 2017}
}

@unpublished{Hosseini2016Baset,
  title={Baset Adult - Size 2016 Team Description Paper},
  author={Hosseini, Mojtaba and Mohammadi, Vahid and Jafari, Farhad and Bamdad, Esfandiar},
  year={2016},
  address={Baset Pazhuh Tehran Company, Tehran},
  note={Disponível em: <\url{https://www.robocuphumanoid.org/qualification/2016/18d73439714a882938e06b64fae741c06d3effb4/Baset_Adult_Size_Humanoid_AdultSize_2016_TDP.pdf}>. Acessado em: 6 mar. 2017}
}

@unpublished{Mellmann2014Berlin,
  title={Berlin United - Nao Team Humboldt Team Report 2014},
  author={Mellmann, Heinrich and Krause, Thomas and Ritter, Claas-Norman and Kaden, Steffen and Hübner, Tobias and Schlotter, Benjamin and Tofangchi, Schahin and Bielefeld, Maximilian and Berndt, Alexander},
  year={2014},
  address={Humboldt-Universität zu Berlin, Berlin},
  note={Disponível em: <\url{http://www.naoth.de/papers/NaoTH14Report.pdf}>. Acessado em: 6 mar. 2017}
}

@unpublished{Rofer2016B,
  title={B-Human},
  subtitle={Team Report and Code Release 2016},
  author={Röfer, Thomas and Laue, Tim and Kuball, Jonas and Lübken, Andre and Maaß, Florian and Müller, Judith and Post, Lukas and Richter-Klug, Jesse and Schulz, Peter and Stolpmann, Andreas and Stöwing, Alexander and Thielke, Felix},
  year={2016},
  address={Universität Bremen, Bremen},
  note={Disponível em: <\url{https://github.com/bhuman/BHumanCodeRelease/raw/master/CodeRelease2016.pdf}>. Acessado em: 6 mar. 2017}
}

@unpublished{Morales2012Cuauhpipiltin,
  title={Cuauhpipiltin 2012},
  subtitle={Standard Platform League Team Description Paper},
  author={Morales, Marco and Hayet, Jean-Bernard and Esteves, Claudia and Anaya, Rubén},
  year={2012},
  address={Instituto Tecnológico Autónomo de México, Ciudad de México},
  note={Disponível em: <\url{http://www.robotica.itam.mx/spl/tdp_spl_ek_robocup2012.pdf}>. Acessado em: 6 mar. 2017}
}

@unpublished{Akin2014Cerberus,
  title={Cerberus’14 Team Report},
  author={Akın, H. Levent and Asık, Okan and Görer, Binnur and Erdem, Ahmet and Irfan, Bahar},
  year={2014},
  address={Boğaziçi University, Istambul},
  note={Disponível em: <\url{http://robot.cmpe.boun.edu.tr/~cerberus/wiki/lib/exe/fetch.php/wiki:cerberus14report.pdf}>. Acessado em: 6 mar. 2017}
}

@unpublished{Kok2013Dutch,
  title={Dutch Nao Team},
  author={Kok, Patrick de and Negrijn, Sëbastien and Bargiacchi, Eugenio and Gudi, Amogh and Kooijman, Chiel and Linden, Ilse van der and Methenitis, Georgios and Steenbergen, Sander Nugteren Nikolaas and Velthuis, Duncan ten and Verschoor, Camiel and Wiggers, Auke and Thomas, Jijju and Lopes, Gabriel Delgado and Roos, Nico and Visser, Arnoud},
  year={2013},
  address={Universiteit van Amsterdam, Amsterdam},
  note={Disponível em: <\url{http://www.dutchnaoteam.nl/wp-content/uploads/2013/11/DNT_TDP_2014.pdf}>. Acessado em: 6 mar. 2017}
}

@unpublished{Kargas2013Kouretes,
  title={Kouretes 2013 SPL Team Description Paper},
  author={Kargas, Nikolaos and Kofinas, Nikolaos and Michelioudakis, Evangelos and Pavlakis, Nikolaos and Piperakis, Stylianos and Spanoudakis, Nikolaos I. and Lagoudakis, Michail G.},
  year={2013},
  address={Technical University of Crete, Chania},
  note={Disponível em: <\url{http://www.intelligence.tuc.gr/kouretes/docs/2013-kouretes-tdp.pdf}>. Acessado em: 6 mar. 2017}
}

@unpublished{Imran2015Team,
  title={Team - NUST Description for RoboCup - SPL 2015 in Hefei, China},
  author={Imran, Muhammad Talha and Rehman, Abdul and Tanveer, Maham and Azeem, Shams ul and Ayub, Abdul Haseeb and Hasan, Umair and Hussain, Idrees and Ayaz, Yasar},
  year={2015},
  address={National University of Sciences and Technology, Islamabad},
  note={Disponível em: <\url{http://rise.smme.nust.edu.pk/projects/RoboCupSPL/TeamNUST-TDP-2015.pdf}>. Acessado em: 6 mar. 2017}
}

@unpublished{Ashar2014RoboCup,
  title={RoboCup SPL 2014 Champion Team Paper},
  author={Ashar, Jayen and Ashmore, Jaiden and Hall, Brad and Harris, Sean and Hengst, Bernhard and Liu, Roger and Mei, Zijie (Jacky) and Pagnucco, Maurice and Roy, Ritwik and Sammut, Claude and Sushkov, Oleg and Teh, Belinda and Tsekouras, Luke},
  year={2014},
  address={University of New South Wales, Sydney},
  note={Disponível em: <\url{http://cgi.cse.unsw.edu.au/~robocup/2014ChampionTeamPaperReports/20141221-SPL2014ChampionTeamPaper.pdf}>. Acessado em: 6 mar. 2017}
}

@unpublished{Akatsuka2014UPennalizers,
  title={UPennalizers Robocup 2014 Standard Platform League Team Description Paper},
  author={Akatsuka, Christopher and He, Yizheng and Li, Jianqiao and Mushonga, Tatenda and Poudel, Sagar and Zhu, Junda and Lee, Daniel},
  year={2014},
  address={University of Pennsylvania, Filadélfia},
  note={Disponível em: <\url{https://fling.seas.upenn.edu/~robocup/files/2014Report.pdf}>. Acessado em: 6 mar. 2017}
}

@unpublished{Almeida2017RoboFEI,
  title={RoboFEI Humanoid Team 2017},
  subtitle={Team Description Paper for the Humanoid KidSize League},
  author={Almeida, Aislan C. and Perico, Danilo H. and Homem, Thiago P. D. and Silva, Isaac J. da and Vilão, Claudio and Nicassio, Vinicius and Garcia, Amanda G. and Gali, Jade C. C. and Neto, Sylvio R. J. and Ricci, Wagner R. and Carregaro, Luccas M. and Rayneau, Vincent and Tonidandel, Flavio and Bianchi, Reinaldo A. C.},
  year={2017},
  address={Centro Universitário FEI, São Bernardo do Campo},
  note={Disponível em: <\url{https://www.robocuphumanoid.org/qualification/2017/bf136d5211eaaa79b8338573572b4dfd0650fd3f/RoboFEI_HT_Humanoid_KidSize_regularanddrop_in_2017_TDP.pdf}>. Acessado em: 15 mar. 2017}
}

@online{robocuprules,
  author = {The Technical Comitee of RoboCup Soccer Humanoid League},
  title = {RoboCup Soccer Humanoid League Laws of the Game 2016/2017},
  year={2016},
  url = {http://www.robocuphumanoid.org/wp-content/uploads/RCHL-2017-final-2.pdf},
  note = {Acessado em: 21 ago. 2017}
}

@online{darwin-op,
  author = {Romela},
  title = {DARwIn OP},
  subtitle={Open Platform Humanoid Robot for Research and Education},
  url = {http://www.romela.org/darwin-op-open-platform-humanoid-robot-for-research-and-education/},
  note = {Acessado em: 21 ago. 2017},
  year = {2017}
}

@inproceedings{Perico,
  author={Perico, Danilo H. and Silva, Isaac J. and Vilao, Cl\'audio O. and Homem, Thiago P.D. and Destro, Ricardo C. and Tonidandel, Flávio and Bianchi, Reinaldo A.C.},
  booktitle={Robotics: SBR-LARS Robotics Symposium and Robocontrol (SBR LARS Robocontrol), 2014 Joint Conference on},
  title={Hardware and Software Aspects of the Design and Assembly of a New Humanoid Robot for RoboCup Soccer},
  year={2014},
  month={Oct},
  pages={73-78},
  doi={10.1109/SBR.LARS.Robocontrol.2014.39}
}

@inproceedings{teimouri2016hybrid,
  title={A hybrid localization method for a soccer playing robot},
  author={Teimouri, Meisam and Salehi, Mostafa E and Meybodi, Mohammad Reza},
  booktitle={Artificial Intelligence and Robotics (IRANOPEN), 2016},
  pages={127--132},
  year={2016},
  organization={IEEE}
}

@inproceedings{tian2013intuitive,
  title={An intuitive and efficient switching particle filter for real-time vision-based localization},
  author={Tian, Bo and Chew, Chee-Meng and Tang, Huajin and Yuan, Miaolong},
  booktitle={Cybernetics and Intelligent Systems (CIS), IEEE Conference on},
  pages={7--11},
  year={2013},
  organization={IEEE}
}

@inproceedings{nagi2014vision,
  title={Vision-based Monte Carlo localization for RoboCup Humanoid Kid-Size League},
  author={Nagi, Imre and Adiprawita, Widyawardana and Mutijarsa, Kusprasapta},
  booktitle={Control Automation Robotics \& Vision (ICARCV), 2014 13th International Conference on},
  pages={1433--1438},
  year={2014},
  organization={IEEE}
}

@inproceedings{perico2015vision,
  title={Vision-based monte carlo localization without measurement: A qualitative approach during update phase},
  author={Perico, Danilo H and Santos, Paulo E and Bianchi, Reinaldo AC},
  booktitle={Robotics Symposium (LARS) and 2015 3rd Brazilian Symposium on Robotics (LARS-SBR), 2015 12th Latin American},
  pages={216--221},
  year={2015},
  organization={IEEE}
}

@article{coltin2013multi,
  title={Multi-observation sensor resetting localization with ambiguous landmarks},
  author={Coltin, Brian and Veloso, Manuela},
  journal={Autonomous Robots},
  volume={35},
  number={2-3},
  pages={221--237},
  year={2013},
  publisher={Springer}
}

@inproceedings{almeida2017vision,
  title={Vision-based Monte-Carlo Localization for Humanoid Soccer Robots},
  author={Almeida, Aislan C. and Costa, Anna H. R. and Bianchi, Reinaldo A. C.},
  booktitle={Robotics Symposium (LARS) and 2017 5th Brazilian Symposium on Robotics (LARS-SBR), 2017 14th Latin American},
  year={2017},
  organization={IEEE}
}

@book{ibge1993,
	Address = {Rio de Janeiro},
	Author = {IBGE},
	Date-Added = {2013-08-21 13:56:10 +0000},
	Date-Modified = {2013-08-21 13:56:10 +0000},
	Edition = {3},
	Organization = {http://biblioteca.ibge.gov.br/visualizacao/livros/liv23907.pdf},
	Publisher = {Centro de Documenta{\c c}{\~a}o e Dissemina{\c c}{\~a}o de Informa{\c c}{\~o}es. Funda{\c c}{\~a}o Intituto Brasileiro de Geografia e Estat{\'\i}stica},
	Title = {Normas de apresenta{\c c}{\~a}o tabular},
	Urlaccessdate = {21 ago 2013},
	Year = {1993}}

@misc{abntex2-wiki-como-customizar,
	Author = {Lauro C{\'e}sar Araujo},
	Date-Added = {2013-03-23 21:39:21 +0000},
	Date-Modified = {2015-04-27 22:43:06 +0000},
	Howpublished = {Wiki do abnTeX2},
	Keywords = {wiki},
	Title = {Como customizar o abnTeX2},
	Url = {https://github.com/abntex/abntex2/wiki/ComoCustomizar},
	Urlaccessdate = {27 abr 2015},
	Year = {2015},
	Bdsk-Url-1 = {https://github.com/abntex/abntex2/wiki/ComoCustomizar}}

@manual{talbot2012,
	Author = {Nicola L.C. Talbot},
	Date-Added = {2013-03-11 12:06:04 +0000},
	Date-Modified = {2013-03-11 12:06:56 +0000},
	Month = {Nov.},
	Title = {User Manual for glossaries.sty},
	Url = {http://mirrors.ctan.org/macros/latex/contrib/glossaries/glossaries-user.pdf},
	Urlaccessdate = {11 mar. 2013},
	Year = {2012},
	Bdsk-Url-1 = {http://mirrors.ctan.org/macros/latex/contrib/glossaries/glossaries-user.pdf}}

@manual{babel,
	Author = {Johannes Braams},
	Date-Added = {2013-02-17 13:37:14 +0000},
	Date-Modified = {2013-02-17 13:38:38 +0000},
	Month = {Apr.},
	Title = {Babel, a multilingual package for use with LATEX's standard document classes},
	Url = {http://mirrors.ctan.org/info/babel/babel.pdf},
	Urlaccessdate = {17 fev. 2013},
	Year = {2008},
	Bdsk-Url-1 = {http://mirrors.ctan.org/info/babel/babel.pdf}}

@manual{abntex2modelo-artigo,
	Annote = {Este documento {\'e} derivado do \cite{abnt-bibtex-doc}},
	Author = {Lauro C{\'e}sar Araujo},
	Date-Added = {2013-01-15 00:10:35 +0000},
	Date-Modified = {2015-04-27 22:43:13 +0000},
	Organization = {Equipe abnTeX2},
	Title = {Modelo Can{\^o}nico de Artigo Cient{\'\i}fico com abnTeX2},
	Url = {http://www.abntex.net.br/},
	Year = {2015},
	Bdsk-Url-1 = {http://www.abntex.net.br/}}

@manual{abntex2modelo-relatorio,
	Annote = {Este documento {\'e} derivado do \cite{abnt-bibtex-doc}},
	Author = {Lauro C{\'e}sar Araujo},
	Date-Added = {2013-01-15 00:05:34 +0000},
	Date-Modified = {2015-04-27 22:43:18 +0000},
	Organization = {Equipe abnTeX2},
	Title = {Modelo Can{\^o}nico de Relat{\'o}rio T{\'e}cnico e/ou Cient{\'\i}fico com abnTeX2},
	Url = {http://www.abntex.net.br/},
	Year = {2015},
	Bdsk-Url-1 = {http://www.abntex.net.br/}}

@manual{abntex2modelo,
	Annote = {Este documento {\'e} derivado do \cite{abnt-bibtex-doc}},
	Author = {Lauro C{\'e}sar Araujo},
	Date-Added = {2013-01-12 22:55:32 +0000},
	Date-Modified = {2015-04-27 22:43:32 +0000},
	Organization = {Equipe abnTeX2},
	Title = {Modelo Can{\^o}nico de Trabalho Acad{\^e}mico com abnTeX2},
	Url = {http://www.abntex.net.br/},
	Year = {2015},
	Bdsk-Url-1 = {http://www.abntex.net.br/}}

@mastersthesis{araujo2012,
	Address = {Bras{\'\i}lia},
	Author = {Lauro C{\'e}sar Araujo},
	Date-Added = {2013-01-09 11:04:42 +0000},
	Date-Modified = {2013-01-09 11:04:42 +0000},
	Month = {mar.},
	School = {Universidade de Bras{\'\i}lia},
	Subtitle = {uma perspectiva de {A}rquitetura da {I}nforma{\c c}{\~a}o da {E}scola de {B}ras{\'\i}lia},
	Title = {Configura{\c c}{\~a}o},
	Year = {2012}}

@manual{memoir,
	Address = {Normandy Park, WA},
	Author = {Peter Wilson and Lars Madsen},
	Date-Added = {2013-01-09 10:37:50 +0000},
	Date-Modified = {2013-03-21 13:23:25 +0000},
	Organization = {The Herries Press},
	Title = {The Memoir Class for Configurable Typesetting - User Guide},
	Url = {http://mirrors.ctan.org/macros/latex/contrib/memoir/memman.pdf},
	Urlaccessdate = {19 dez. 2012},
	Year = {2010},
	Bdsk-Url-1 = {http://ctan.tche.br/macros/latex/contrib/memoir/memman.pdf}}

@manual{abntex2cite-alf,
	Annote = {Este documento {\'e} derivado do \cite{abnt-bibtex-alf-doc}},
	Author = {Lauro C{\'e}sar Araujo},
	Date-Added = {2013-01-09 10:37:45 +0000},
	Date-Modified = {2015-04-27 22:43:44 +0000},
	Organization = {Equipe abnTeX2},
	Title = {O pacote abntex2cite: t{\'o}picos espec{\'\i}ficos da ABNT NBR 10520:2002 e o estilo bibliogr{\'a}fico alfab{\'e}tico (sistema autor-data)},
	Url = {http://www.abntex.net.br/},
	Year = {2015},
	Bdsk-Url-1 = {http://www.abntex.net.br/}}

@manual{abntex2cite,
	Annote = {Este documento {\'e} derivado do \cite{abnt-bibtex-doc}},
	Author = {Lauro C{\'e}sar Araujo},
	Date-Added = {2013-01-09 10:37:45 +0000},
	Date-Modified = {2015-04-27 22:43:38 +0000},
	Organization = {Equipe abnTeX2},
	Title = {O pacote abntex2cite: Estilos bibliogr{\'a}ficos compat{\'\i}veis com a ABNT NBR 6023},
	Url = {http://www.abntex.net.br/},
	Year = {2015},
	Bdsk-Url-1 = {http://www.abntex.net.br/}}

@manual{abntex2classe,
	Author = {Lauro C{\'e}sar Araujo},
	Date-Added = {2013-01-09 10:37:38 +0000},
	Date-Modified = {2015-04-27 22:42:47 +0000},
	Organization = {Equipe abnTeX2},
	Title = {A classe abntex2: Modelo can{\^o}nico de trabalhos acad{\^e}micos brasileiros compat{\'\i}vel com as normas ABNT NBR 14724:2011, ABNT NBR 6024:2012 e outras},
	Url = {http://www.abntex.net.br/},
	Year = {2015},
	Bdsk-Url-1 = {http://www.abntex.net.br/}}

@manual{NBR10520:2002,
	Address = {Rio de Janeiro},
	Date-Added = {2012-12-15 21:43:38 +0000},
	Date-Modified = {2013-01-12 22:17:20 +0000},
	Month = {ago.},
	Org-Short = {ABNT},
	Organization = {Associa{\c c}\~ao Brasileira de Normas T\'ecnicas},
	Pages = 7,
	Subtitle = {Informa{\c c}\~ao e documenta{\c c}\~ao --- Apresenta{\c c}\~ao de cita{\c c}\~oes em documentos},
	Title = {{NBR} 10520},
	Year = 2002}

@manual{NBR6024:2012,
	Address = {Rio de Janeiro},
	Date-Added = {2012-12-15 21:24:06 +0000},
	Date-Modified = {2012-12-15 21:24:28 +0000},
	Month = {fev.},
	Org-Short = {ABNT},
	Organization = {Associa{\c c}\~ao Brasileira de Normas T\'ecnicas},
	Pages = 4,
	Subtitle = {Numera{\c c}\~ao progressiva das se{\c c}\~oes de um documento},
	Title = {{NBR} 6024},
	Year = 2012}

@manual{NBR6028:2003,
	Address = {Rio de Janeiro},
	Date-Added = {2012-12-15 21:02:12 +0000},
	Date-Modified = {2012-12-15 21:02:50 +0000},
	Month = {nov.},
	Org-Short = {ABNT},
	Organization = {Associa{\c c}\~ao Brasileira de Normas T\'ecnicas},
	Pages = 2,
	Subtitle = {Resumo - Apresenta{\c c}{\~a}o},
	Title = {{NBR} 6028},
	Year = 2003}

@manual{NBR14724:2001,
	Address = {Rio de Janeiro},
	Date-Added = {2012-12-15 20:34:08 +0000},
	Date-Modified = {2012-12-15 20:34:08 +0000},
	Month = {jul.},
	Org-Short = {ABNT},
	Organization = {Associa{\c c}\~ao Brasileira de Normas T\'ecnicas},
	Pages = 6,
	Subtitle = {Informa{\c c}\~ao e documenta{\c c}\~ao --- trabalhos acad\^emicos --- apresenta{\c c}\~ao},
	Title = {{NBR} 14724},
	Year = 2001}

@manual{NBR14724:2002,
	Address = {Rio de Janeiro},
	Date-Added = {2012-12-15 20:34:17 +0000},
	Date-Modified = {2012-12-15 20:34:17 +0000},
	Month = {ago.},
	Org-Short = {ABNT},
	Organization = {Associa{\c c}\~ao Brasileira de Normas T\'ecnicas},
	Pages = 6,
	Subtitle = {Informa{\c c}\~ao e documenta{\c c}\~ao --- trabalhos acad\^emicos --- apresenta{\c c}\~ao},
	Title = {{NBR} 14724},
	Year = 2002}

@manual{NBR14724:2005,
	Address = {Rio de Janeiro},
	Date-Added = {2012-12-15 20:34:08 +0000},
	Date-Modified = {2012-12-15 20:35:25 +0000},
	Month = {dez.},
	Org-Short = {ABNT},
	Organization = {Associa{\c c}\~ao Brasileira de Normas T\'ecnicas},
	Pages = 9,
	Subtitle = {Informa{\c c}\~ao e documenta{\c c}\~ao --- trabalhos acad\^emicos --- apresenta{\c c}\~ao},
	Title = {{NBR} 14724},
	Year = 2005}

@manual{NBR14724:2011,
	Address = {Rio de Janeiro},
	Date-Added = {2012-12-15 20:34:08 +0000},
	Date-Modified = {2012-12-15 20:35:25 +0000},
	Month = {mar.},
	Note = {Substitui a Ref.~\citeonline{NBR14724:2005}},
	Org-Short = {ABNT},
	Organization = {Associa{\c c}\~ao Brasileira de Normas T\'ecnicas},
	Pages = 15,
	Subtitle = {Informa{\c c}\~ao e documenta{\c c}\~ao --- trabalhos acad\^emicos --- apresenta{\c c}\~ao},
	Title = {{NBR} 14724},
	Year = 2011}

@article{van86,
	Author = {{van}, Gigch, John P. and Leo L. Pipino},
	Journal = {Future Computing Systems},
	Number = {1},
	Pages = {71-97},
	Title = {In search for a paradigm for the discipline of information systems},
	Volume = {1},
	Year = {1986}}

@phdthesis{guizzardi2005,
	Address = {Enschede, The Netherlands},
	Author = {Giancarlo Guizzardi},
	Date-Added = {2012-04-23 11:35:28 +0000},
	Date-Modified = {2012-04-23 11:35:28 +0000},
	School = {Centre for Telematics and Information Technology, University of Twente},
	Title = {Ontological Foundations for Structural Conceptual Models},
	Url = {http://www.loa.istc.cnr.it/Guizzardi/SELMAS-CR.pdf},
	Urlaccessdate = {3 jul. 2011},
	Year = {2005},
	Bdsk-Url-1 = {http://www.loa.istc.cnr.it/Guizzardi/SELMAS-CR.pdf}}

@mastersthesis{macedo2005,
	Author = {Fl{\'a}via L. Macedo},
	Date-Added = {2012-04-23 11:35:13 +0000},
	Date-Modified = {2012-04-23 11:35:13 +0000},
	Keywords = {arquitetura da informa{\c c}{\~a}o},
	School = {Universidade de Bras{\'\i}lia},
	Title = {Arquitetura da Informa{\c c}{\~a}o: aspectos espistemol{\'o}gicos, cient{\'\i}ficos e pr{\'a}ticos.},
	Type = {Disserta{\c c}{\~a}o de Mestrado},
	Year = {2005}}

@manual{EIA649B,
	Address = {EUA},
	Date-Added = {2012-04-23 11:34:59 +0000},
	Date-Modified = {2012-04-23 11:34:59 +0000},
	Keywords = {norma},
	Month = {June},
	Organization = {TechAmerica},
	Title = {ANSI/EIA 649-B: Configuration Management Standard},
	Year = {2011}}

@inproceedings{masolo2010,
	Author = {Claudio Masolo},
	Booktitle = {Proceedings of the Twelfth International Conference on the Principles of Knowledge Representation and Reasoning (KR 2010)},
	Date-Added = {2012-04-23 11:34:38 +0000},
	Date-Modified = {2012-04-23 11:34:38 +0000},
	Editor = {Lin, F. and Sattler, U.},
	Pages = {258-268},
	Publisher = {AAAI Press},
	Title = {Understanding Ontological Levels},
	Url = {http://wiki.loa-cnr.it/Papers/kr10v0.7.pdf},
	Urlaccessdate = {2 jan. 2012},
	Year = {2010},
	Bdsk-Url-1 = {http://wiki.loa-cnr.it/Papers/kr10v0.7.pdf}}

@inbook{guarino1995,
	Address = {Vienna},
	Author = {Nicola Guarino},
	Booktitle = {Philosophy and the Cognitive Science},
	Date-Added = {2012-04-23 11:34:29 +0000},
	Date-Modified = {2012-04-23 11:34:29 +0000},
	Editor = {R. Casati and B. Smith and G. White},
	Month = {Sept.},
	Pages = {443-456},
	Publisher = {Holder-Pivhler-Tempsky},
	Title = {The Ontological Level},
	Url = {http://wiki.loa-cnr.it/Papers/OntLev.pdf},
	Urlaccessdate = {2 jan. 2012},
	Year = {1995},
	Bdsk-Url-1 = {http://wiki.loa-cnr.it/Papers/OntLev.pdf}}

@incollection{bates2010,
	Address = {New York},
	Author = {Marcia J. Bates},
	Booktitle = {Encyclopedia of Library and Information Sciences},
	Date-Added = {2012-04-23 11:34:29 +0000},
	Date-Modified = {2012-04-23 11:34:29 +0000},
	Edition = {3rd},
	Editor = {Marcia J. Bates and Mary Niles Maack},
	Pages = {2347-2360},
	Publisher = {CRC Press},
	Title = {Information},
	Url = {http://pages.gseis.ucla.edu/faculty/bates/articles/information.html},
	Urlaccessdate = {24 out. 2011},
	Volume = {3},
	Year = {2010},
	Bdsk-Url-1 = {http://pages.gseis.ucla.edu/faculty/bates/articles/information.html}}

@book{doxiadis1965,
	Author = {Constantinos A. Doxiadis},
	Date-Added = {2012-04-23 11:34:20 +0000},
	Date-Modified = {2012-04-23 11:34:20 +0000},
	Publisher = {Ceira - Coimbra},
	Title = {Arquitetura em Transi{\c c}{\~a}o},
	Year = {1965}}

@book{dewey1980,
	Address = {New York, NY, USA},
	Author = {John Dewey},
	Date-Added = {2012-04-23 11:34:16 +0000},
	Date-Modified = {2012-04-23 11:34:16 +0000},
	Publisher = {Perigee Books},
	Title = {Art as Experience},
	Year = {1980}}
